@article{laporte1987exact,
  author = {Laporte, G. and Nobert, Y.},
  title = {Exact algorithms for the vehicle routing problem},
  journal = {Annals of Discrete Mathematics},
  volume = {31},
  pages = {147-184},
  year = {1987},
  url = {https://www.sciencedirect.com/science/article/pii/0377221787900757}
}

@article{cordeau1997savings,
  author = {Cordeau, J. F. and Laporte, G. and Mercier, A.},
  title = {A tabu search heuristic for the vehicle routing problem with multiple use of vehicles},
  journal = {Journal of the Operational Research Society},
  volume = {48},
  number = {11},
  pages = {1065-1070},
  year = {1997},
  url = {https://www.sciencedirect.com/science/article/pii/S0377221796000338}
}

@article{clarke1964savings,
  author = {Clarke, G. and Wright, J. W.},
  title = {Scheduling of vehicles from a central depot to a number of delivery points},
  journal = {Operations Research},
  volume = {12},
  number = {4},
  pages = {568-581},
  year = {1964},
  url = {https://journals.sagepub.com/doi/abs/10.1287/opre.12.4.568}
}

@article{salhi1991multi,
  author = {Salhi, S. and Sari, M.},
  title = {A multi-level composite heuristic for the multi-depot vehicle fleet mix problem},
  journal = {European Journal of Operational Research},
  volume = {103},
  number = {1},
  pages = {95-112},
  year = {1991},
  url = {https://www.sciencedirect.com/science/article/pii/0377221796000338}
}

@article{reimann2004heuristic,
  author = {Reimann, M. and Doerner, K. F. and Hartl, R. F.},
  title = {A heuristic for the vehicle routing problem with pickup and delivery},
  journal = {European Journal of Operational Research},
  volume = {158},
  number = {3},
  pages = {651-667},
  year = {2004},
  url = {https://www.sciencedirect.com/science/article/pii/S0377221703004897}
}

@article{venkatesh2015hybrid,
  author = {Venkatesh, B. and Singh, T.},
  title = {A hybrid genetic algorithm for the multi-depot vehicle routing problem},
  journal = {Applied Soft Computing},
  volume = {32},
  pages = {241-249},
  year = {2015},
  url = {https://www.sciencedirect.com/science/article/pii/S1568494615003929}
}

@article{ai2009particle,
  author = {Ai, T. J. and Kachitvichyanukul, V.},
  title = {A particle swarm optimization for the vehicle routing problem with multiple depots},
  journal = {Journal of Industrial and Management Optimization},
  volume = {5},
  number = {3},
  pages = {391-405},
  year = {2009},
  url = {https://www.tandfonline.com/doi/abs/10.1080/09537280902731979}
}

@incollection{golden1998impact,
  author = {Golden, B. L. and Raghavan, S. and Wasil, E. A.},
  title = {The impact of metaheuristics on solving the vehicle routing problem: algorithms, problem sets, and computational results},
  booktitle = {Fleet Management and Logistics},
  pages = {33-56},
  year = {1998},
  url = {https://www.tandfonline.com/doi/abs/10.1080/13675569808962083}
}

@article{potter1994cooperative,
  author = {Potter, M. A. and De Jong, K. A.},
  title = {A cooperative coevolutionary approach to function optimization},
  journal = {Proceedings of the Third International Conference on Parallel Problem Solving from Nature},
  volume = {866},
  pages = {249-257},
  year = {1994},
  url = {https://link.springer.com/chapter/10.1007/3-540-58484-6_269}
}

@book{holland1992adaptation,
  author = {Holland, J. H.},
  title = {Adaptation in Natural and Artificial Systems: An Introductory Analysis with Applications to Biology, Control, and Artificial Intelligence},
  publisher = {MIT Press},
  year = {1992},
  url = {https://mitpress.mit.edu/books/adaptation-natural-and-artificial-systems}
}

@article{liu2006vehicle,
  author = {Liu, Y. and Wang, L. and Jin, Y.},
  title = {An effective co-evolutionary particle swarm optimization for vehicle routing problem with time windows},
  journal = {Proceedings of the 2006 IEEE Congress on Evolutionary Computation},
  pages = {2370-2376},
  year = {2006},
  url = {https://ieeexplore.ieee.org/document/1688539}
}

@article{dejong2001evolutionary,
  author = {De Jong, K. A. and Potter, M. A. and Spears, W. M.},
  title = {Using problem decomposition to extend the applicability of the genetic algorithm to large-scale optimization},
  journal = {Proceedings of the Genetic and Evolutionary Computation Conference (GECCO)},
  pages = {261-268},
  year = {2001},
  url = {https://dl.acm.org/doi/10.5555/645847.670217}
}


@article{glover1986future,
  author = {Glover, F.},
  title = {Future paths for integer programming and links to artificial intelligence},
  journal = {Computers \& Operations Research},
  volume = {13},
  number = {5},
  pages = {533-549},
  year = {1986},
  url = {https://www.sciencedirect.com/science/article/pii/0305054886900481}
}

@article{rego1996tabu,
  author = {Rego, C. and Alidaee, B.},
  title = {A dynamic heuristic for large-scale capacitated arc routing problems},
  journal = {Computers \& Operations Research},
  volume = {23},
  number = {7},
  pages = {585-594},
  year = {1996},
  url = {https://www.sciencedirect.com/science/article/pii/0305054895000479}
}

@article{brandao2004tabu,
  author = {Brand√£o, J.},
  title = {A tabu search algorithm for the open vehicle routing problem},
  journal = {European Journal of Operational Research},
  volume = {157},
  number = {3},
  pages = {552-564},
  year = {2004},
  url = {https://www.sciencedirect.com/science/article/pii/S0377221703004754}
}
